

@book{latexcompanion,
    author    = "Michel Goossens and Frank Mittelbach and Alexander Samarin",
    title     = "The \LaTeX\ Companion",
    year      = "1993",
    publisher = "Addison-Wesley",
    address   = "Reading, Massachusetts"
}
 
@misc{knuthwebsite,
    author    = "Greg Brockman and Vicki Cheung and Ludwig Pettersson and Jonas Schneider and John Schulman and Jie Tang and Wojciech Zaremba",
    title     = "Open AI Gym: A Toolkit for Developing and Comparing Reinforcement Learning Algorithms.  https://gym.openai.com",
    url       = "gym.openai.com"
}

@misc{datasetwebsite,
    author    = "National Transport Authority",
     year={2019},
    title     = " Dublin Bus General Transit Feed Specification Data (2019): https://data.gov.ie/dataset/gtfs-dublin-bus",
    url       = "https://data.gov.ie/dataset/gtfs-dublin-bus"
}

@book{spitzer2013principles,
  title={Principles of random walk},
  author={Spitzer, Frank},
  volume={34},
  year={2013},
  publisher={Springer Science \& Business Media}
}


@inproceedings{osmankovic2011implementation,
  title={Implementation of Qâ€”Learning algorithm for solving maze problem},
  author={Osmankovi{\'c}, D and Konjicija, Samim},
  booktitle={2011 Proceedings of the 34th International Convention MIPRO},
  pages={1619--1622},
  year={2011},
  organization={IEEE}
}

@inproceedings{kantasewi2019multi,
  title={Multi Q-Table Q-Learning},
  author={Kantasewi, Nitchakun and Marukatat, Sanparith and Thainimit, Somying and Manabu, Okumura},
  booktitle={2019 10th International Conference of Information and Communication Technology for Embedded Systems (IC-ICTES)},
  pages={1--7},
  year={2019},
  organization={IEEE}
}

@inproceedings{lin2019solving,
  title={Solving Maze Problem with Reinforcement Learning by a Mobile Robot},
  author={Lin, Shih-Wei and Huang, Yao-Lin and Hsieh, Wen-Kuei},
  booktitle={2019 IEEE International Conference on Computation, Communication and Engineering (ICCCE)},
  pages={215--217},
  year={2019},
  organization={IEEE}
}

@article{sutton1988learning,
  title={Learning to predict by the methods of temporal differences},
  author={Sutton, Richard S},
  journal={Machine learning},
  volume={3},
  number={1},
  pages={9--44},
  year={1988},
  publisher={Springer}
}

@inproceedings{sutton1996generalization,
  title={Generalization in reinforcement learning: Successful examples using sparse coarse coding},
  author={Sutton, Richard S},
  booktitle={Advances in neural information processing systems},
  pages={1038--1044},
  year={1996}
}

@incollection{saghiri2019random,
  title={Random Walk Algorithms: Definitions, Weaknesses, and Learning Automata-Based Approach},
  author={Saghiri, Ali Mohammad and Khomami, M Daliri and Meybodi, Mohammad Reza},
  booktitle={Intelligent Random Walk: An Approach Based on Learning Automata},
  pages={1--7},
  year={2019},
  publisher={Springer}
}

@article{dietterich2000hierarchical,
  title={Hierarchical reinforcement learning with the MAXQ value function decomposition},
  author={Dietterich, Thomas G},
  journal={Journal of artificial intelligence research},
  volume={13},
  pages={227--303},
  year={2000}
}

@inproceedings{van2009theoretical,
  title={A theoretical and empirical analysis of Expected Sarsa},
  author={Van Seijen, Harm and Van Hasselt, Hado and Whiteson, Shimon and Wiering, Marco},
  booktitle={2009 ieee symposium on adaptive dynamic programming and reinforcement learning},
  pages={177--184},
  year={2009},
  organization={IEEE}
}

@article{mnih2013playing,
  title={Playing atari with deep reinforcement learning},
  author={Mnih, Volodymyr and Kavukcuoglu, Koray and Silver, David and Graves, Alex and Antonoglou, Ioannis and Wierstra, Daan and Riedmiller, Martin},
  journal={arXiv preprint arXiv:1312.5602},
  year={2013}
}

@article{mnih2015human,
  title={Human-level control through deep reinforcement learning},
  author={Mnih, Volodymyr and Kavukcuoglu, Koray and Silver, David and Rusu, Andrei A and Veness, Joel and Bellemare, Marc G and Graves, Alex and Riedmiller, Martin and Fidjeland, Andreas K and Ostrovski, Georg and others},
  journal={Nature},
  volume={518},
  number={7540},
  pages={529--533},
  year={2015},
  publisher={Nature Publishing Group}
}

@techreport{lin1993reinforcement,
  title={Reinforcement learning for robots using neural networks},
  author={Lin, Long-Ji},
  year={1993},
  institution={Carnegie-Mellon Univ Pittsburgh PA School of Computer Science}
}